@article{1,
  title={Neural forecasting: Introduction and literature overview},
  author={Konstantinos Benidis and Syama Sundar Rangapuram and Valentin Flunkert and Bernie Wang and Danielle C. Maddix and Ali Caner T{\"u}rkmen and Jan Gasthaus and Michael Bohlke-Schneider and David Salinas and Lorenzo Stella and Laurent Callot and Tim Januschowski},
  journal={ArXiv},
  year={2020},
  volume={abs/2004.10240},
  url={https://api.semanticscholar.org/CorpusID:216056262}
}
 
@article{fukushima,
    author    = "Kunihiko Fukushima",
    year    = "1980",
    title     = "Neocognition: A self-organizing Neural Network Model for a Mechanism of Pattern Recognition Unaffected by Shift in Position"
}

@article{Lecun,
    author = {Lecun, Yann and Bengio, Y.},
    year = {1995},
    month = {01},
    pages = {},
    title = {Convolutional Networks for Images, Speech, and Time-Series},
    journal = {The Handbook of Brain Theory and Neural Networks}
}

@book{dirac,
    title={The Principles of Quantum Mechanics},
    author={Paul Adrien Maurice Dirac},
    isbn={9780198520115},
    series={International series of monographs on physics},
    year={1981},
    publisher={Clarendon Press},
    keywords = {physics}
}

@online{knuthwebsite,
    author    = "Donald Knuth",
    title     = "Knuth: Computers and Typesetting",
    url       = "http://www-cs-faculty.stanford.edu/~uno/abcde.html",
    keywords  = "latex,knuth"
}

@inbook{knuth-fa,
    author = "Donald E. Knuth",
    title = "Fundamental Algorithms",
    publisher = "Addison-Wesley",
    year = "1973",
    chapter = "1.2",
    keywords  = "knuth,programming"
}

@book{HughesDamEtAl13,
  address = {Upper Saddle River, NJ},
  author = {Hughes, John F. and van Dam, Andries and McGuire, Morgan and Sklar, David F. and Foley, James D. and Feiner, Steven and Akeley, Kurt},
  edition = 3,
  publisher = {Addison-Wesley},
  timestamp = {2018-04-16T11:55:50.000+0200},
  title = {Computer Graphics: Principles and Practice},
  username = {flint63},
  year = 2013
}

@misc{sun2019deep,
    title={Deep High-Resolution Representation Learning for Human Pose Estimation},
    author={Ke Sun and Bin Xiao and Dong Liu and Jingdong Wang},
    year={2019},
    eprint={1902.09212},
    archivePrefix={arXiv},
    primaryClass={cs.CV}
}

@misc{kingma2017adam,
      title={Adam: A Method for Stochastic Optimization}, 
      author={Diederik P. Kingma and Jimmy Ba},
      year={2017},
      eprint={1412.6980},
      archivePrefix={arXiv},
      primaryClass={cs.LG}
}

@online{T81-558,
  author = {Jeff Heaton},
  title = {T81-558:Applications of Deep Neural Networks},
  year = 2023,
  url = {https://sites.wustl.edu/jeffheaton/t81-558/},
  urldate = {2023-11-27}
}

@online{CS231n,
    author = {Fei-Fei Li},
    title =  {CS231n: Deep Learning for Computer Vision},
    year = 2023,
    url = {http://cs231n.stanford.edu},
    urldate = {2023-11-27}
}

@article{CPD,
  author={Andriy Myronenko and Xubo B. Song},
  title={Point-Set Registration: Coherent Point Drift},
  journal={CoRR},
  volume={abs/0905.2635},
  year={2009},
  url={http://arxiv.org/abs/0905.2635},
  eprinttype={arXiv},
  eprint={0905.2635},
  timestamp={Mon, 13 Aug 2018 16:49:07 +0200},
  biburl={https://dblp.org/rec/journals/corr/abs-0905-2635.bib},
  bibsource={dblp computer science bibliography, https://dblp.org}
}

@article{KPEC,
  author={Mate Kisantal and
          Sumant Sharma and
          Tae Ha Park and
          Dario Izzo and
          Marcus M{\"{a}}rtens and
          Simone D'Amico},
  title={Satellite Pose Estimation Challenge: Dataset, Competition Design and Results},
  journal={CoRR},
  volume={abs/1911.02050},
  year={2019},
  url={http://arxiv.org/abs/1911.02050},
  eprinttype={arXiv},
  eprint={1911.02050},
    timestamp={Sat, 23 Jan 2021 01:20:44 +0100},
  biburl={https://dblp.org/rec/journals/corr/abs-1911-02050.bib},
  bibsource={dblp computer science bibliography, https://dblp.org}
}

@article{PosNet,
  author       = {Alex Kendall and
                  Matthew Grimes and
                  Roberto Cipolla},
  title        = {Convolutional networks for real-time 6-DOF camera relocalization},
  journal      = {CoRR},
  volume       = {abs/1505.07427},
  year         = {2015},
  url          = {http://arxiv.org/abs/1505.07427},
  eprinttype    = {arXiv},
  eprint       = {1505.07427},
  timestamp    = {Mon, 13 Aug 2018 16:46:52 +0200},
  biburl       = {https://dblp.org/rec/journals/corr/KendallGC15.bib},
  bibsource    = {dblp computer science bibliography, https://dblp.org}
}

@article{MaskRCNN,
  author={He, Kaiming and Gkioxari, Georgia and Doll√°r, Piotr and Girshick, Ross},
  booktitle={2017 IEEE International Conference on Computer Vision (ICCV)}, 
  title={Mask R-CNN}, 
  year={2017},
  volume={},
  number={},
  pages={2980-2988},
  doi={10.1109/ICCV.2017.322}
}

@proceedings{HandEye,
  title = {IEEE International Conference on Robotics and Automation, ICRA 2021, Xi'an, China, May 30 - June 5, 2021},
  year = {2021},
  doi = {10.1109/ICRA48506.2021},
  url = {https://doi.org/10.1109/ICRA48506.2021},
  researchr = {https://researchr.org/publication/icra-2021},
  cites = {0},
  citedby = {0},
  booktitle = {IEEE International Conference on Robotics and Automation, ICRA 2021, Xi'an, China, May 30 - June 5, 2021},
  conference = {icra},
  publisher = {IEEE},
  isbn = {978-1-7281-9077-8},
}

@inproceedings{SfM,
  author = {Triggs, Bill and McLauchlan, Philip F. and Hartley, Richard I. and Fitzgibbon, Andrew W.},
  biburl = {https://www.bibsonomy.org/bibtex/2e05f7b3b57a97cb7a387f5a76583545a/daill},
  booktitle = {Proceedings of the International Workshop on Vision Algorithms: Theory and Practice},
  description = {Bundle Adjustment - A Modern Synthesis},
  interhash = {90e90eae91b9834495f92d008b51bad8},
  intrahash = {e05f7b3b57a97cb7a387f5a76583545a},
  isbn = {3-540-67973-1},
  keywords = {adjustment bundle},
  numpages = {75},
  pages = {298--372},
  publisher = {Springer-Verlag},
  series = {ICCV '99},
  timestamp = {2012-11-19T10:12:50.000+0100},
  title = {Bundle Adjustment - A Modern Synthesis},
  url = {http://dl.acm.org/citation.cfm?id=646271.685629},
  year = 2000
}

@article{RANSAC,
  title = {Random sample consensus: a paradigm for model fitting with applications to image analysis and automated cartography},
  author = {Martin A. Fischler and Robert C. Bolles},
  journal = {Commun. ACM},
  year = {1981},
  volume = {24},
  url = {https://api.semanticscholar.org/CorpusID:972888}
}

@article{Lowe2004DistinctiveIF,
  title={Distinctive Image Features from Scale-Invariant Keypoints},
  author={David G. Lowe},
  journal={International Journal of Computer Vision},
  year={2004},
  volume={60},
  pages={91-110},
  url={https://api.semanticscholar.org/CorpusID:174065}
}

@article{Lepetit2009EPnPAA,
  title={EPnP: An Accurate O(n) Solution to the PnP Problem},
  author={Vincent Lepetit and Francesc Moreno-Noguer and P. Fua},
  journal={International Journal of Computer Vision},
  year={2009},
  volume={81},
  pages={155-166},
  url={https://api.semanticscholar.org/CorpusID:207252029}
}

@article{LimCNN,
  author       = {Torsten Sattler and
                  Qunjie Zhou and
                  Marc Pollefeys and
                  Laura Leal{-}Taix{\'{e}}},
  title        = {Understanding the Limitations of CNN-based Absolute Camera Pose Regression},
  journal      = {CoRR},
  volume       = {abs/1903.07504},
  year         = {2019},
  url          = {http://arxiv.org/abs/1903.07504},
  eprinttype    = {arXiv},
  eprint       = {1903.07504},
  timestamp    = {Mon, 01 Apr 2019 14:07:37 +0200},
  biburl       = {https://dblp.org/rec/journals/corr/abs-1903-07504.bib},
  bibsource    = {dblp computer science bibliography, https://dblp.org}
}

@article{E2E1,
  author       = {Martin Sundermeyer and
                  Zoltan{-}Csaba Marton and
                  Maximilian Durner and
                  Manuel Brucker and
                  Rudolph Triebel},
  title        = {Implicit 3D Orientation Learning for 6D Object Detection from {RGB}
                  Images},
  journal      = {CoRR},
  volume       = {abs/1902.01275},
  year         = {2019},
  url          = {http://arxiv.org/abs/1902.01275},
  eprinttype    = {arXiv},
  eprint       = {1902.01275},
  timestamp    = {Tue, 21 May 2019 18:03:38 +0200},
  biburl       = {https://dblp.org/rec/journals/corr/abs-1902-01275.bib},
  bibsource    = {dblp computer science bibliography, https://dblp.org}
}

@article{E2E2,
  author       = {Samarth Brahmbhatt and
                  Jinwei Gu and
                  Kihwan Kim and
                  James Hays and
                  Jan Kautz},
  title        = {MapNet: Geometry-Aware Learning of Maps for Camera Localization},
  journal      = {CoRR},
  volume       = {abs/1712.03342},
  year         = {2017},
  url          = {http://arxiv.org/abs/1712.03342},
  eprinttype    = {arXiv},
  eprint       = {1712.03342},
  timestamp    = {Mon, 13 Aug 2018 16:47:34 +0200},
  biburl       = {https://dblp.org/rec/journals/corr/abs-1712-03342.bib},
  bibsource    = {dblp computer science bibliography, https://dblp.org}
}

@article{E2E3,
  author       = {Alex Kendall and
                  Roberto Cipolla},
  title        = {Modelling Uncertainty in Deep Learning for Camera Relocalization},
  journal      = {CoRR},
  volume       = {abs/1509.05909},
  year         = {2015},
  url          = {http://arxiv.org/abs/1509.05909},
  eprinttype    = {arXiv},
  eprint       = {1509.05909},
  timestamp    = {Mon, 13 Aug 2018 16:48:49 +0200},
  biburl       = {https://dblp.org/rec/journals/corr/KendallC15.bib},
  bibsource    = {dblp computer science bibliography, https://dblp.org}
}

@article{E1,
  author       = {Sida Peng and
                  Yuan Liu and
                  Qixing Huang and
                  Hujun Bao and
                  Xiaowei Zhou},
  title        = {PVNet: Pixel-wise Voting Network for 6DoF Pose Estimation},
  journal      = {CoRR},
  volume       = {abs/1812.11788},
  year         = {2018},
  url          = {http://arxiv.org/abs/1812.11788},
  eprinttype    = {arXiv},
  eprint       = {1812.11788},
  timestamp    = {Wed, 02 Jan 2019 14:40:18 +0100},
  biburl       = {https://dblp.org/rec/journals/corr/abs-1812-11788.bib},
  bibsource    = {dblp computer science bibliography, https://dblp.org}
}

@article{E2,
  author       = {Georgios Pavlakos and
                  Xiaowei Zhou and
                  Aaron Chan and
                  Konstantinos G. Derpanis and
                  Kostas Daniilidis},
  title        = {6-DoF Object Pose from Semantic Keypoints},
  journal      = {CoRR},
  volume       = {abs/1703.04670},
  year         = {2017},
  url          = {http://arxiv.org/abs/1703.04670},
  eprinttype    = {arXiv},
  eprint       = {1703.04670},
  timestamp    = {Mon, 13 Aug 2018 16:49:10 +0200},
  biburl       = {https://dblp.org/rec/journals/corr/PavlakosZCDD17.bib},
  bibsource    = {dblp computer science bibliography, https://dblp.org}
}

@article{E3,
  author       = {Bugra Tekin and
                  Sudipta N. Sinha and
                  Pascal Fua},
  title        = {Real-Time Seamless Single Shot 6D Object Pose Prediction},
  journal      = {CoRR},
  volume       = {abs/1711.08848},
  year         = {2017},
  url          = {http://arxiv.org/abs/1711.08848},
  eprinttype    = {arXiv},
  eprint       = {1711.08848},
  timestamp    = {Mon, 13 Aug 2018 16:47:15 +0200},
  biburl       = {https://dblp.org/rec/journals/corr/abs-1711-08848.bib},
  bibsource    = {dblp computer science bibliography, https://dblp.org}
}

@article{HRNet2,
  author       = {Ke Sun and
                  Yang Zhao and
                  Borui Jiang and
                  Tianheng Cheng and
                  Bin Xiao and
                  Dong Liu and
                  Yadong Mu and
                  Xinggang Wang and
                  Wenyu Liu and
                  Jingdong Wang},
  title        = {High-Resolution Representations for Labeling Pixels and Regions},
  journal      = {CoRR},
  volume       = {abs/1904.04514},
  year         = {2019},
  url          = {http://arxiv.org/abs/1904.04514},
  eprinttype    = {arXiv},
  eprint       = {1904.04514},
  timestamp    = {Mon, 13 Nov 2023 10:47:51 +0100},
  biburl       = {https://dblp.org/rec/journals/corr/abs-1904-04514.bib},
  bibsource    = {dblp computer science bibliography, https://dblp.org}
}

@inproceedings{DAmico2014PoseEO,
  title={Pose estimation of an uncooperative spacecraft from actual space imagery},
  author={Simone D‚ÄôAmico and Mathias Benn and John Leif J{\o}rgensen},
  year={2014},
  url={https://api.semanticscholar.org/CorpusID:1537971}
}

@article{Sharma2018RobustMM,
  title={Robust Model-Based Monocular Pose Initialization for Noncooperative Spacecraft Rendezvous},
  author={Sumant Sharma and Jacopo Ventura and Simone D‚ÄôAmico},
  journal={Journal of Spacecraft and Rockets},
  year={2018},
  url={https://api.semanticscholar.org/CorpusID:125936812}
}

@article{SPN,
  author       = {Sumant Sharma and
                  Simone D'Amico},
  title        = {Pose Estimation for Non-Cooperative Rendezvous Using Neural Networks},
  journal      = {CoRR},
  volume       = {abs/1906.09868},
  year         = {2019},
  url          = {http://arxiv.org/abs/1906.09868},
  eprinttype    = {arXiv},
  eprint       = {1906.09868},
  timestamp    = {Thu, 27 Jun 2019 18:54:51 +0200},
  biburl       = {https://dblp.org/rec/journals/corr/abs-1906-09868.bib},
  bibsource    = {dblp computer science bibliography, https://dblp.org}
}

@article{ICP,
  author={Besl, P.J. and McKay, Neil D.},
  journal={IEEE Transactions on Pattern Analysis and Machine Intelligence}, 
  title={A method for registration of 3-D shapes}, 
  year={1992},
  volume={14},
  number={2},
  pages={239-256},
  doi={10.1109/34.121791}}

@inproceedings{Cassinis2019DelftUO,
  title={Delft University of Technology Review of the robustness and applicability of monocular pose estimation systems for relative navigation with an uncooperative spacecraft},
  author={Pasqualetto Cassinis},
  year={2019}
}

@article{PyTorch,
  author       = {Adam Paszke and
                  Sam Gross and
                  Francisco Massa and
                  Adam Lerer and
                  James Bradbury and
                  Gregory Chanan and
                  Trevor Killeen and
                  Zeming Lin and
                  Natalia Gimelshein and
                  Luca Antiga and
                  Alban Desmaison and
                  Andreas K{\"{o}}pf and
                  Edward Z. Yang and
                  Zach DeVito and
                  Martin Raison and
                  Alykhan Tejani and
                  Sasank Chilamkurthy and
                  Benoit Steiner and
                  Lu Fang and
                  Junjie Bai and
                  Soumith Chintala},
  title        = {PyTorch: An Imperative Style, High-Performance Deep Learning Library},
  journal      = {CoRR},
  volume       = {abs/1912.01703},
  year         = {2019},
  url          = {http://arxiv.org/abs/1912.01703},
  eprinttype    = {arXiv},
  eprint       = {1912.01703},
  timestamp    = {Tue, 02 Nov 2021 15:18:32 +0100},
  biburl       = {https://dblp.org/rec/journals/corr/abs-1912-01703.bib},
  bibsource    = {dblp computer science bibliography, https://dblp.org}
}

@article{eross,
    author    = {Maximo A. Roa and Alexander Beyer, Ismael Rodrigueza and Martin Stelzera and Marco de Stefano and Hrishik Mishra and Gerhard Grunwald and Juan Antonio Bejar and Andrea Merlo and Marco Lapolla and Vincent Dubanchet and Herve Renault and Stephanie Behar-Lafenetre and Andrzej Jakubiec and Arkadiusz and Kristoffer Gregersten},
    year    = "2023",
    title     = "EROSS: In-Orbit Demonstration of European Robotic Orbital Support Services"
}

@article{OG_plan_coils,
  author={Kawabe, K. and Koyama, H. and Shirae, K.},
  journal={IEEE Transactions on Magnetics}, 
  title={Planar inductor}, 
  year={1984},
  volume={20},
  number={5},
  pages={1804-1806},
  keywords={Inductors;Coils;Spirals;Inductance;Magnetic films;Copper;Dielectrics and electrical insulation;Capacitance;Fabrication;Frequency},
  doi={10.1109/TMAG.1984.1063271}
}

@article{Spiral_Coil_magn_field,
  author = {Geier, Martin and Petry Homrich, Roberto and Sandoval Ortiz, Juan Carlos and Pacheco, Joyson and Paese, Evandro},
  year = {2010},
  month = {01},
  pages = {},
  title = {Mathematical Modeling of an Electromagnetic Forming System with Flat Spiral Coils as Actuator},
  doi = {10.17877/DE290R-14276}
}

@article{Spiral_Coil_magn_field,
author = {Wang, Hongbo and Li, Wei and Feng, Zhihua},
year = {2015},
month = {05},
pages = {1-1},
title = {A Compact and High Performance Eddy Current Sensor Based on Meander-Spiral Coil},
journal = {IEEE Transactions on Magnetics},
doi = {10.1109/TMAG.2015.2436355}
}

@article{Multilayer_spiral_inductors,
author = {Zhao, Jonsenser},
year = {2010},
month = {07},
pages = {37-40},
title = {A new calculation for designing multilayer planar spiral inductors},
volume = {55},
journal = {Edn -Boston then Denver then Highlands Ranch Co-}
}

@article{AC_res_coils,
author = {Nguyen, Minh and Blanchette, Handy},
year = {2020},
month = {05},
pages = {875},
title = {Optimizing AC Resistance of Solid PCB Winding},
volume = {9},
journal = {Electronics},
doi = {10.3390/electronics9050875}
}

@INPROCEEDINGS{Sim_meas_AC_resistance_coils,
  author={√òstergaard, Christian and Kjeldsen, Claus and Nymand, Morten and Ramachandran, Rakesh},
  booktitle={2019 IEEE 13th International Conference on Compatibility, Power Electronics and Power Engineering (CPE-POWERENG)}, 
  title={Simulation and measurement of AC resistance for a high power planar inductor design}, 
  year={2019},
  volume={},
  number={},
  pages={1-5},
  keywords={Inductors;Resistance;Windings;Electrical resistance measurement;Magnetics;Power electronics;Density measurement;Inductor design;planar inductor;dc/dc converter;ac resistance;resistance simulation;planar magnetics;pcb windings},
  doi={10.1109/CPE.2019.8862361}
}

@article{AC_res_Optimization,
author = {Nguyen, Minh and Blanchette, Handy},
year = {2020},
month = {05},
pages = {875},
title = {Optimizing AC Resistance of Solid PCB Winding},
volume = {9},
journal = {Electronics},
doi = {10.3390/electronics9050875}
}

@inbook{Finger_grasping_model,
author = {Khurshid, A. and Ghafoor, Abdul and Malik, Afzaal},
year = {2011},
month = {08},
pages = {},
title = {Robotic Grasping and Fine Manipulation Using Soft Fingertip},
isbn = {978-953-307-373-6},
doi = {10.5772/23697}
}

@manual{L272,
  title = {L272: Dual Power Operational Amplifier},
  year = {2003},
  number = {L272},
  organization = {STMicroelectronics},
  url = {https://www.st.com/resource/en/datasheet/l272.pdf}
}

@misc{Length_of_a_Spiral,
  title = {Length of a Spiral},
  author = {The Engineering ToolBox},
  year = 2021,
  note = {\url{https://www.engineeringtoolbox.com/spiral-length-d_2191.html} [Accessed: 22/04/2024]}
}

@misc{Magnetic_field_perm_magnet,
  title = {Magnetic field of various permanent magnets},
  author = {supermagnete.de},
  note = {\url{https://www.supermagnete.de/eng/faq/How-do-you-calculate-the-magnetic-flux-density}}
}

@misc{JMF,
  author = {Federico Moscato},
  title = {satellite-visual-pose-estimator},
  year = {2023},
  publisher = {GitHub},
  journal = {GitHub repository},
  howpublished = {\url{https://github.com/JMFede/satellite-visual-pose-estimator}}
}